
@article{MPQW,
author = {Childs, Andrew M. and Gosset, David and Webb, Zak}, 
title = {Universal computation by multiparticle quantum walk},
volume = {339}, 
number = {6121}, 
pages = {791-794}, 
year = {2013}, 
doi = {10.1126/science.1229957}, 
eprint = {arXiv:1205.3782}, 
journal = {Science} 
}

@article{MT01,
  author={Christophe Texier and Gilles Montambaux},
  title={Scattering theory on graphs},
  journal={Journal of Physics A: Mathematical and General},
  volume={34},
  number={47},
  pages={10307},
  url={http://stacks.iop.org/0305-4470/34/i=47/a=328},
  year={2001}
}

@misc{Boo12,
   author = {Bookatz, Adam D.},
    title = {{QMA}-complete problems},
   eprint = {arXiv:1212.6312},
}

@article{KMM13,
author = {Kliuchnikov, Vadym and Maslov, Dmitri and Mosca, Michele},
title = {Fast and efficient exact synthesis of single-qubit unitaries generated by {C}lifford and {T} gates},
journal = {Quantum Information and Computation},
volume={13},
number={7\&8},
pages={607-630},
year={2013},
eprint={arXiv:1206.5236},
}

@article{Bra06,
   author = {Bravyi, Sergey},
    title = {Efficient algorithm for a quantum analogue of 2-{SAT}},
  journal = {Contemporary Mathematics},
   volume = {536},
    pages = {33-48},
     year = {2011},
   eprint = {arXiv:quant-ph/0602108},
}

@ARTICLE{OT05,
   author = {Oliveira, Roberto and Terhal, Barbara M.},
    title = {The complexity of quantum spin systems on a two-dimensional square lattice},
  journal = {Quantum Information and Computation},
   volume = {8},
   number = {10},
    pages = {900-924},
   eprint = {arXiv:quant-ph/0504050},
     year = {2008},
}

@ARTICLE{FG98,
   author = {Farhi, Edward and Gutmann, Sam},
    title = {Quantum computation and decision trees},
  journal = {Physical Review A},
   eprint = {arXiv:quant-ph/9706062},
 keywords = {Quantum computation, Computer modeling and simulation},
     year = 1998,
   volume = 58,
    pages = {915-928},
}

@article{FGG07,
	Author = {Edward Farhi and Jeffrey Goldstone and Sam Gutmann},
	Eprint = {arXiv:quant-ph/0702144},
	Journal = {Theory of Computing},
	Number = {1},
	Pages = {169-190},
	Title = {A quantum algorithm for the {H}amiltonian {NAND} tree},
	Volume = {4},
	Year = {2008}
}

@ARTICLE{VB09,
   author = {Varbanov, Martin and Brun, Todd A.},
    title = {Quantum scattering theory on graphs with tails},
  journal = {Physical Review A},
archivePrefix = "arXiv",
   eprint = {arXiv:0906.2825},
 primaryClass = "quant-ph",
 keywords = {Quantum computation, Random walks and Levy flights},
     year = 2009,
   volume = 80,
   number = 5,
      eid = {052330},
    pages = {052330},
 }

@ARTICLE{CS11,
   author = {Childs, Andrew M. and Strouse, DJ},
    title = {Levinson's theorem for graphs},
  journal = {Journal of Mathematical Physics},
archivePrefix = "arXiv",
   eprint = {arXiv:1103.5077},
     year = 2011,
   volume = 52,
   number = 8,
    pages = {082102}
}


@ARTICLE{CG12,
   author = {Childs, Andrew M. and Gosset, David},
    title = "{Levinson's theorem for graphs II}",
   journal = {Journal of Mathematical Physics},
   eprint = {arXiv:1203.6557},
 primaryClass = "math-ph",
      year = 2012,
    month = oct,
   volume = 53,
   number = 10,
    pages = {102207},
 }


@ARTICLE{BUF11,
   author = {Blumer, Benjamin A. and Underwood, Michael S. and Feder, David L.},
    title = "{Single-qubit unitary gates by graph scattering}",
  journal = {Physical Review A},
   eprint = {arXiv:1111.5032},
     year = 2011,
    month = dec,
   volume = 84,
   number = 6,
      eid = {062302},
    pages = {062302},
}

@ARTICLE{KR03,
   author = {Kempe, Julia and Regev, Oded},
    title = {3-{L}ocal {H}amiltonian is {QMA}-complete},
  journal = {Quantum Information and Computation},
   volume = {3},
   number = {3},
    pages = {258-264},
   eprint = {arXiv:quant-ph/0302079},
     year = {2003},
}

@ARTICLE{SV09,
   author = {Schuch, Norbert and Verstraete, Frank},
    title = {Computational complexity of interacting electrons and fundamental limitations of density functional theory},
  journal = {Nature Physics},
   eprint = {arXiv:0712.0483},
     year = {2009},
   volume = {5},
   number = {10},
    pages = {732-735},
      doi = {10.1038/nphys1370},
}


@article{JBCGZ98,
  title = {Cold bosonic atoms in optical lattices},
  author = {Jaksch, D. and Bruder, C. and Cirac, J. I. and Gardiner, C. W. and Zoller, P.},
  journal = {Physical Review Letters},
  volume = {81},
  issue = {15},
  pages = {3108-3111},
  year = {1998},
  doi = {10.1103/PhysRevLett.81.3108},
}

@ARTICLE{MM12,
   author = {Motruk, J. and Mielke, A.},
    title = {{B}ose-{H}ubbard model on two-dimensional line graphs},
  journal = {Journal of Physics A Mathematical General},
   eprint = {arXiv:1112.0131},
     year = {2012},
   volume = {45},
   number = {22},
    pages = {225206},
      doi = {10.1088/1751-8113/45/22/225206},
}

@article{FWGF89,
  title = {Boson localization and the superfluid-insulator transition},
  author = {Fisher, Matthew P. A. and Weichman, Peter B. and Grinstein, G. and Fisher, Daniel S.},
  journal = {Physical Review B},
  volume = {40},
  issue = {1},
  pages = {546-570},
  year = {1989},
  doi = {10.1103/PhysRevB.40.546},
}

@ARTICLE{LCV07,
   author = {Liu, Yi-Kai and Christandl, Matthias and Verstraete, Frank},
    title = {Quantum computational complexity of the {$N$}-representability problem: {QMA} complete},
  journal = {Physical Review Letters},
   eprint = {arXiv:quant-ph/0609125},
     year = {2007},
   volume = {98},
   number = {11},
    pages = {110503},
      doi = {10.1103/PhysRevLett.98.110503},
}

@ARTICLE{WMN10,
   author = {Wei, Tzu-Chieh and Mosca, Michele and Nayak, Ashwin},
    title = {Interacting boson problems can be {QMA} hard},
  journal = {Physical Review Letters},
   eprint = {arXiv:0905.3413},
     year = {2010},
   volume = {104},
   number = {4},
    pages = {040501},
      doi = {10.1103/PhysRevLett.104.040501},
}

@ARTICLE{GI09,
   author = {Gottesman, Daniel and Irani, Sandy},
    title = {The quantum and classical complexity of translationally invariant tiling and {H}amiltonian problems},
   eprint = {arXiv:0905.2419},
  journal = {Theory of Computing},
   volume = {9},
   number = {2},
    pages = {31-116},
     year = {2013},
}

@ARTICLE{AGIK09,
   author = {Aharonov, Dorit and Gottesman, Daniel and Irani, Sandy and Kempe, Julia},
    title = {The power of quantum systems on a line},
  journal = {Communications in Mathematical Physics},
   eprint = {arXiv:0705.4077},
     year = {2009},
   volume = {287},
    pages = {41-65},
      doi = {10.1007/s00220-008-0710-3},
}

@ARTICLE{BDOT08,
   author = {Bravyi, Sergey and DiVincenzo, David P. and Oliveira, Roberto I. and Terhal, Barbara M.},
    title = {The complexity of stoquastic local {H}amiltonian problems},
  journal = {Quantum Information and Compuation},
   volume = {8},
   number = {5},
    pages = {361-385},
   eprint = {arXiv:quant-ph/0606140},
 keywords = {Quantum Physics},
     year = {2008},
}

@article{Moh91,
   author = {Mohar, Bojan},
   title = {Eigenvalues, diameter, and mean distance in graphs},
   journal = {Graphs and Combinatorics},
   pages = {53-64},
   volume = {7},
   issue = {1},
   doi = {10.1007/BF01789463},
   year = {1991}
}

@ARTICLE{CEMM98,
   author = {Cleve, Richard and Ekert, Artur and Macchiavello, Chiara and Mosca, Michele},
    title = {Quantum algorithms revisited},
  journal = {Proceedings of the Royal Society of London, Series A},
   eprint = {arXiv:quant-ph/9708016},
     year = {1998},
   volume = {454},
   number = {1969},
    pages = {339-354},
      doi = {10.1098/rspa.1998.0164},
}

@inproceedings{GN13,
   author = {Gosset, David and Nagaj, Daniel},
    title = {Quantum 3-{SAT} is {QMA}$_1$-complete},
   eprint = {arXiv:1302.0290},
     year = {2013},
  booktitle = {Proceedings of the 54th IEEE Symposium on Foundations of Computer Science (to appear)}
}

@book{NC00,
  author = {Nielsen, Michael A. and Chuang, Isaac L.},
  publisher = {Cambridge University Press},
  title = {Quantum Computation and Quantum Information},
  year = 2000
}

@ARTICLE{JF08,
   author = {Jordan, Stephen P. and Farhi, Edward},
    title = {Perturbative gadgets at arbitrary orders},
  journal = {Physical Review A},
   eprint = {arXiv:0802.1874},
     year = {2008},
   volume = {77},
   number = {6},
    pages = {062329},
      doi = {10.1103/PhysRevA.77.062329},
}

@article{MW05,
 author = {Marriott, Chris and Watrous, John},
 title = {Quantum {A}rthur-{M}erlin games},
 journal = {Computational Complexity},
 volume = {14},
 number = {2},
 year = {2005},
 pages = {122-152},
 doi = {10.1007/s00037-005-0194-x},
} 

@misc{JW06,
   author = {Dominik Janzing and Pawel Wocjan},
    title = {{BQP}-complete problems concerning mixing properties of classical random walks on sparse graphs},
   eprint = {arXiv:quant-ph/0610235},
}

@ARTICLE{KKR04,
   author = {Kempe, Julia and Kitaev, Alexei and Regev, Oded},
    title = {The complexity of the local {H}amiltonian problem},
  journal = {SIAM Journal on Computing},
   volume = {35},
   number = {5},
    pages = {1070-1097},
   eprint = {arXiv:quant-ph/0406180},
     year = {2006}
}

@article{MLM99,
  title = {Simple proof of equivalence between adiabatic quantum computation and the circuit model},
  author = {Mizel, Ari and Lidar, Daniel A. and Mitchell, Morgan},
  journal = {Physical Review Letters},
  volume = {99},
  number = {7},
  pages = {070502},
  numpages = {4},
  year = {2007},
  doi = {10.1103/PhysRevLett.99.070502}
}

@inproceedings{AT03,
   author = {Aharonov, Dorit and Ta-Shma, Amnon},
    title = {Adiabatic quantum state generation and statistical zero knowledge},
   eprint = {arXiv:quant-ph/0301023},
     year = {2003},
booktitle = {Proceedings of the 35th ACM Symposium on Theory of Computing},
    pages = {20-29}
}

@article{JGL10,
  title = {Quantum-{M}erlin-{A}rthur complete problems for stoquastic {H}amiltonians and {M}arkov matrices},
  author = {Jordan, Stephen P. and Gosset, David and Love, Peter J.},
  journal = {Physical Review A},
  volume = {81},
  issue = {3},
  pages = {032331},
  numpages = {10},
  year = {2010},
  doi = {10.1103/PhysRevA.81.032331},
  eprint = {arXiv:0905.4755}
}

@book{LL94,
  title = {Quantum mechanics: non-relativistic theory},
  publisher = {Pergamon Press},
  author = {Landau, Lev D. and Lifshitz, Evgenii M.},
  year = {1994},
}

@article{Fey85,
   author = {Feynman, Richard P.},
     title = {Quantum mechanical computers},
   journal = {Optics News},
      pages = {11-46},
   volume = {11},
    year = {1985}
}

@book{KSV02,
 author = {Kitaev, Alexei Yu. and Shen, Alexander H. and Vyalyi, Mikhail N.},
 title = {Classical and Quantum Computation},
 year = {2002},
 publisher = {American Mathematical Society},
} 

@article{BT09,
 author = {Bravyi, Sergey and Terhal, Barbara},
 title = {Complexity of stoquastic frustration-free {H}amiltonians},
 journal = {SIAM Journal on Computing},
 volume = {39},
 number = {4},
 year = {2009},
 pages = {1462-1485},
 doi = {10.1137/08072689X},
 eprint = {arXiv:0806.1746}
}

@article{Chi09,
	Author = {Andrew M. Childs},
	Eprint = {arXiv:0806.1972},
	Journal = {Physical Review Letters},
	Number = {18},
	Pages = {180501},
	Title = {Universal computation by quantum walk},
	Volume = {102},
	Year = {2009}
}
