@book{ABCC,
 author = {Arora, Sanjeev and Barak, Boaz},
 title = {Computational Complexity: A Modern Approach},
 year = {2009},
 isbn = {0521424267, 9780521424264},
 edition = {1st},
 publisher = {Cambridge University Press},
 address = {New York, NY, USA},
} 

@article{CGW13,
  author = {Childs, Andrew M. and Gosset, David and Webb, Zak}, 
  title = {Universal computation by multiparticle quantum walk},
  volume = {339}, 
  number = {6121}, 
  pages = {791-794}, 
  year = {2013}, 
  doi = {10.1126/science.1229957}, 
  eprint = {arXiv:1205.3782}, 
  journal = {Science} 
}

@article {BHQMA,
	title = {The Bose-Hubbard model is QMA-complete},
	year = {2013},
	month = {11},
	doi = {10.1007/978-3-662-43948-7_26},
	url = {http://arxiv.org/abs/1311.3297v1},
	author = {Andrew M. Childs and David Gosset and Zak Webb}
}

@article{MLM99,
  title = {Simple proof of equivalence between adiabatic quantum computation and the circuit model},
  author = {Mizel, Ari and Lidar, Daniel A. and Mitchell, Morgan},
  journal = {Physical Review Letters},
  volume = {99},
  number = {7},
  pages = {070502},
  numpages = {4},
  year = {2007},
  doi = {10.1103/PhysRevLett.99.070502}
}

@inproceedings{AT03,
   author = {Aharonov, Dorit and Ta-Shma, Amnon},
    title = {Adiabatic quantum state generation and statistical zero knowledge},
   eprint = {arXiv:quant-ph/0301023},
     year = {2003},
booktitle = {Proceedings of the 35th ACM Symposium on Theory of Computing},
    pages = {20-29}
}

@book{SipserToC,
 author = {Sipser, Michael},
 title = {Introduction to the Theory of Computation},
 year = {1996},
 isbn = {053494728X},
 edition = {1st},
 publisher = {International Thomson Publishing},
} 

@incollection{Watrous09,
  author = {Watrous, John},
  title = {Qauntum computational complexity},
  booktitle = {Encyclopedia of Complexity and System Science},
  publisher = {Springer},
  year = {2009},
  editor = {Meyers, Robert A.},
  eprint = {http://arxiv.org/abs/0804.3401}
}
