@article{CD12,
   author = {Childs, Andrew M. and Gosset, David},
   title = {Levinson's theorem for graphs II},
   journal = {Journal of Mathematical Physics},
   year = {2012},
   volume = {53},
   number = {10}, 
   eid = {102207},
   doi = {10.1063/1.4757665},
   eprint={arXiv:1203.6557} 
}

@article{CGW13,
author = {Childs, Andrew M. and Gosset, David and Webb, Zak}, 
title = {Universal computation by multiparticle quantum walk},
volume = {339}, 
number = {6121}, 
pages = {791-794}, 
year = {2013}, 
doi = {10.1126/science.1229957}, 
eprint = {arXiv:1205.3782}, 
journal = {Science} 
}

@article{MT01,
  author={Christophe Texier and Gilles Montambaux},
  title={Scattering theory on graphs},
  journal={Journal of Physics A: Mathematical and General},
  volume={34},
  number={47},
  pages={10307},
  url={http://stacks.iop.org/0305-4470/34/i=47/a=328},
  year={2001}
}

